<?xml version="1.0" encoding="UTF-8" ?>
<collection xmlns:xsi="http://www.w3.org/2001/XMLSchema-instance"
    xsi:schemaLocation="http://www.loc.gov/MARC21/slim
        http://www.loc.gov/standards/marcxml/schema/MARC21slim.xsd"
    xmlns="http://www.loc.gov/MARC21/slim">
<record>
  <leader>00272cam a2200529 i 4500</leader>
  <controlfield tag="001">b13191056</controlfield>
  <controlfield tag="003">LeBAU</controlfield>
  <controlfield tag="005">20200616</controlfield>
  <controlfield tag="008">010831m19241927le            ||0 0cara d</controlfield>
  <datafield tag="035" ind1=" " ind2=" ">
    <subfield code="a">ocn784540554</subfield>
  </datafield>
  <datafield tag="040" ind1=" " ind2=" ">
    <subfield code="a">LEAUB</subfield>
    <subfield code="b">ara</subfield>
    <subfield code="e">rda</subfield>
    <subfield code="c">LEAUB</subfield>
    <subfield code="d">LEAUB</subfield>
  </datafield>
  <datafield tag="082" ind1="0" ind2="4">
    <subfield code="a">892.7109</subfield>
    <subfield code="2">23</subfield>
  </datafield>
  <datafield tag="100" ind1="1" ind2=" ">
    <subfield code="6">880-01</subfield>
    <subfield code="a">Cheikho, Louis,</subfield>
    <subfield code="d">1859-1927.</subfield>
    <subfield code="e">author.</subfield>
    <subfield code="0">http://id.loc.gov/authorities/names/n82234894 ,</subfield>
  </datafield>
  <datafield tag="245" ind1="0" ind2="0">
    <subfield code="6">880-02</subfield>
    <subfield code="a">Kitāb Shuʻarāʼ al-Naṣrānīyah baʻda al-Islām.</subfield>
  </datafield>
  <datafield tag="246" ind1="1" ind2="5">
    <subfield code="a">Shuʻarāʼ al-Naṣrānīyah baʻda al-Islām</subfield>
  </datafield>
  <datafield tag="246" ind1="3" ind2="0">
    <subfield code="6">880-03</subfield>
    <subfield code="a">شعراء النصرانية بعد الإسلام</subfield>
  </datafield>
  <datafield tag="264" ind1=" " ind2="1">
    <subfield code="6">880-04</subfield>
    <subfield code="a">Bayrūt :</subfield>
    <subfield code="b">al-Maṭbaʻah al-Kathūlīkīyah lil-Abāʼ al-Yasūʻīyīn,</subfield>
    <subfield code="c">1924-1927.</subfield>
  </datafield>
  <datafield tag="300" ind1=" " ind2=" ">
    <subfield code="6">880-05</subfield>
    <subfield code="a">1 volume (517 pages) ;</subfield>
    <subfield code="c">25 cm</subfield>
  </datafield>
  <datafield tag="336" ind1=" " ind2=" ">
    <subfield code="a">text</subfield>
    <subfield code="b">txt</subfield>
    <subfield code="2">rdacontent</subfield>
  </datafield>
  <datafield tag="337" ind1=" " ind2=" ">
    <subfield code="a">unmediated</subfield>
    <subfield code="b">n</subfield>
    <subfield code="2">rdamedia</subfield>
  </datafield>
  <datafield tag="338" ind1=" " ind2=" ">
    <subfield code="a">volume</subfield>
    <subfield code="b">nc</subfield>
    <subfield code="2">rdacarrier</subfield>
  </datafield>
  <datafield tag="500" ind1=" " ind2=" ">
    <subfield code="a">4 أجزاء ببليوغرافية في 1 جزء مادي.</subfield>
  </datafield>
  <datafield tag="500" ind1=" " ind2=" ">
    <subfield code="a">"قد بينا للأدباء سابقاً ما كان للنصرانية من السهم الوافي بين شعراء الجاهلية، وها نحن نتتبع آثار الشعراء النصارى الذين نبغوا بعد ظهور الإسلام مستندين في قولنا إلى أقدم تآليف العرب لاسيما مؤرخي المسلمين ومما تيسر لنا جمعه من مكاتب أوربّة ومصر ومن خزائن الخاصة في أنحاء الشرق لاسيما من مخطوطات مكتبتنا الشرقية ونباشر بذكر الذين اشتهروا في أول بزوغ الدين الإسلامي من المخضرمين وعلى الله الإتكال."</subfield>
  </datafield>
  <datafield tag="505" ind1="0" ind2=" ">
    <subfield code="a">القسم الأول.  الشعراء المخضرمون: عثمان بن الحويرث --الحارث بن كلدة--أبو قيس صرمة الراهب --أكثم بن صيفي --عبد المسيح بن بقيلة --الحرقة هند بنت النعمان --الزبرقان بن بدر --عدي بن حاتم --سمعان بن هبيرة --النجاشي الحارثي --جحية بن المضرب الكندي --امرؤ القيس بن عابس --نائلة بنت الفرافصة زوجة الخليفة عثمان --ميسون بنت بخدل الكلبية --ابو زبيد الطائي --القسم الثاني. شعراء الدولة الأموية: هدبة بن الخشرم --موسى بن جابر --شمعلة التغلبي --أعشى بن تغلب --أعشى بن ربيعة --مرقس الطائي --نابغة بني شيبان --حنين الحيري الشاعر المغني-- الاخطل التغلبي --القطامي التغلبي --كعب بن جعيل --العديل بن الفرخ --العجاج بن روبة--القسم الثالث. من شعراء النصرانية: أبو قابوس --اسحق بن حنين --سعيد التستري --ابو الحسن بن غسان --الموصلي النصراني --يحيى بن عدي --ابو تمام الطائي --ثابت بن هارون --بشر بن هارون --عيسى بن فرخنشاه --ابن بطريق --ابن بطلان المتطبب --إبن أبي الخبر سلامة الدمشقي --جرجس الأنطاكي --أبو الفرج يحيى بن التلميذ --هبة الله بن التلميذ --محفوظ النيلي -- سعيد النيلي --إبن إصطفانوس الرومي --القس يعقوب المارداني --يحيى بن ماري --بنو مماتي النصارى الأقباط  --صاعد بن شماس --عون الراهب --ابن مرغر الاشبيلي --زبينا النصراني --ربيب النصراني --سعيد النصراني --العلاء بن الموصلايا --أبو نصر بن موصلايا --أبو غالب وأبو طاهر إبنا الأصباغي إبن نابي --إبن أبي سالم-- أبو الفتح بن صاعد --الأسعد بن عتال --إبن أبي الثناء إبن كاتب قيصر -- أخوه علم الدين إبن أبي الثناء --أبو الربيع سليمان المارداني -- رشيد الدين أبو حليقة --إبن مرتين --إبن زطينا --صاعد بن عيسى بن سمان --نصر الله الغفاري --ملحق بالشعراء المخضرمين --ملحق بالشعراء الأمويين --ملحق بالشعراء العباسيين --القسم الرابع. شعراء النصرانية بعد الإسلام: سليمان الغزي-- فخر الدين ابن مكانس --شاكر بن ريشا القبطي --يوسف بن رزق الله الموقع-- إبن القلاعي-- إبراهيم الأنطاكي-- عيسى الهزاز القوال-- ميخائيل حاتم القوال-- أنطونيوس فريجي اللبناني-- زجليون آخرون: القس جراسيم-- يوحنا بن المعري-- الخوري يوحنا نجل عيسى عويسات-- يوحنا بن سالم الدمشقي-- يوحنا السمين الحمصي-- الخوري يوسف عبود الحمصي-- عيسى ابن سالم-- موسى بن المعري-- القس ايليا-- عبد الله-- طيمثاوس كرنوك-- الراهب كامل نجيم الماروني-- المطران جرمانوس فرحات-- الخوري نيقولاوس الصائغ-- الشاعر إبراهيم الحكيم-- الشاعر انطون بيطار الحلبي-- مكرديج الكسيح --الشماس عبد الله زاخر --نعمة بن توما الحلبي --إبن إفرنجية.</subfield>
  </datafield>
  <datafield tag="650" ind1=" " ind2="4">
    <subfield code="a">الشعراء العرب</subfield>
    <subfield code="v">تراجم.</subfield>
  </datafield>
  <datafield tag="650" ind1=" " ind2="4">
    <subfield code="a">الشعر العربي</subfield>
    <subfield code="x">المؤلفون المسيحيون.</subfield>
  </datafield>
  <datafield tag="650" ind1=" " ind2="4">
    <subfield code="a">الشعر العربي</subfield>
    <subfield code="x">تاريخ ونقد.</subfield>
  </datafield>
  <datafield tag="650" ind1=" " ind2="0">
    <subfield code="a">Poets, Arab</subfield>
    <subfield code="v">Biography.</subfield>
  </datafield>
  <datafield tag="650" ind1=" " ind2="0">
    <subfield code="a">Arabic poetry</subfield>
    <subfield code="x">Christian authors.</subfield>
  </datafield>
  <datafield tag="650" ind1=" " ind2="0">
    <subfield code="a">Arabic poetry</subfield>
    <subfield code="x">History and criticism.</subfield>
  </datafield>
  <datafield tag="775" ind1="0" ind2="8">
    <subfield code="6">880-06</subfield>
    <subfield code="i">has designation of edition</subfield>
    <subfield code="4">http://rdaregistry.info/Elements/m/P30133 :</subfield>
    <subfield code="a">Cheikho, Louis, 1859-1927.</subfield>
    <subfield code="t">Shuʻarāʼ al-Naṣrānīyah baʻda al-Islām.</subfield>
    <subfield code="b">al-Ṭabʻah al-thāniyah.</subfield>
    <subfield code="d">Bayrūt : Dār al-Mashriq, 1967</subfield>
    <subfield code="w">(OCoLC)784574953</subfield>
    <subfield code="w">(OCoLC)784574953</subfield>
  </datafield>
  <datafield tag="775" ind1="0" ind2="8">
    <subfield code="6">880-07</subfield>
    <subfield code="i">has designation of edition</subfield>
    <subfield code="4">http://rdaregistry.info/Elements/m/P30133 :</subfield>
    <subfield code="a">Cheikho, Louis, 1859-1927.</subfield>
    <subfield code="t">Shuʻarāʼ al-Naṣrānīyah baʻda al-Islām.</subfield>
    <subfield code="b">al-Ṭabʻah al-thālithah.</subfield>
    <subfield code="d">Bayrūt : Dār al-Mashriq, 1982</subfield>
    <subfield code="w">(OCoLC)784574951</subfield>
    <subfield code="w">(OCoLC)784574951</subfield>
  </datafield>
  <datafield tag="852" ind1=" " ind2=" ">
    <subfield code="a">Jafet Library</subfield>
    <subfield code="e">American University of Beirut, Bliss Street , Beirut, Lebanon.</subfield>
  </datafield>
  <datafield tag="852" ind1=" " ind2=" ">
    <subfield code="a">Jafet Archives and Special Collections</subfield>
    <subfield code="e">American University of Beirut, Bliss Street, Beirut, Lebanon.</subfield>
  </datafield>
  <datafield tag="880" ind1="1" ind2=" ">
    <subfield code="6">100-01/(3/r</subfield>
    <subfield code="a">شيخو، لويس،</subfield>
    <subfield code="d">1859-1927،</subfield>
    <subfield code="0">http://id.loc.gov/authorities/names/n82234894 ,</subfield>
    <subfield code="e">مؤلف. </subfield>
    <subfield code="4">aut.</subfield>
  </datafield>
  <datafield tag="880" ind1="1" ind2="0">
    <subfield code="6">245-02/(3/r</subfield>
    <subfield code="a">كتاب شعراء النصرانية بعد الإسلام.</subfield>
  </datafield>
  <datafield tag="880" ind1="3" ind2="0">
    <subfield code="6">246-03/(3/r</subfield>
    <subfield code="a">Poètes Arabes Chrétiens</subfield>
  </datafield>
  <datafield tag="880" ind1=" " ind2="1">
    <subfield code="6">264-04/(3/r</subfield>
    <subfield code="a">بيروت :</subfield>
    <subfield code="b">المطبعة الكاثوليكية للآباء اليسوعيين،</subfield>
    <subfield code="c">1924-1927.</subfield>
  </datafield>
  <datafield tag="880" ind1=" " ind2=" ">
    <subfield code="6">300-05/(3/r</subfield>
    <subfield code="a">1 جزء (517 صفحة) ؛</subfield>
    <subfield code="c">25 سم</subfield>
  </datafield>
  <datafield tag="880" ind1="0" ind2="8">
    <subfield code="6">775-06/(3/r</subfield>
    <subfield code="i">دلالة على الطبعة</subfield>
    <subfield code="4">http://rdaregistry.info/Elements/m/P30133 :</subfield>
    <subfield code="a">شيخو، لويس، 1859-1927.</subfield>
    <subfield code="t">شعراء النصرانية بعد الاسلام.</subfield>
    <subfield code="b">الطبعة الثانية.</subfield>
    <subfield code="d">بيروت : دار المشرق، 1967</subfield>
    <subfield code="w">(LEAUB)b14109943</subfield>
    <subfield code="w">(OCoLC)784574953</subfield>
  </datafield>
  <datafield tag="880" ind1="0" ind2="8">
    <subfield code="6">775-07/(3/r</subfield>
    <subfield code="i">دلالة على الطبعة</subfield>
    <subfield code="4">http://rdaregistry.info/Elements/m/P30133 :</subfield>
    <subfield code="a">شيخو، لويس، 1859-1927.</subfield>
    <subfield code="t">شعراء النصرانية بعد الإسلام.</subfield>
    <subfield code="b">الطبعة الثالثة.</subfield>
    <subfield code="d">بيروت : دار المشرق، 1982</subfield>
    <subfield code="w">(LEAUB)b14109360</subfield>
    <subfield code="w">(OCoLC)784574951</subfield>
  </datafield>
  <datafield tag="907" ind1=" " ind2=" ">
    <subfield code="a">.b13191056</subfield>
    <subfield code="b">20-06-30</subfield>
    <subfield code="c">11-05-24</subfield>
  </datafield>
  <datafield tag="907" ind1=" " ind2=" ">
    <subfield code="a">.b13191056</subfield>
    <subfield code="b">15-10-30</subfield>
    <subfield code="c">11-05-24</subfield>
  </datafield>
  <datafield tag="945" ind1=" " ind2=" ">
    <subfield code="f">CA</subfield>
    <subfield code="a">892.7109:Sh599saA:1924-1927:pt.1-4</subfield>
    <subfield code="i">00536088</subfield>
    <subfield code="j">.i19929651</subfield>
    <subfield code="l">u0304</subfield>
  </datafield>
  <datafield tag="945" ind1=" " ind2=" ">
    <subfield code="f">CA</subfield>
    <subfield code="j">.i2059933x</subfield>
    <subfield code="l">u0304</subfield>
  </datafield>
  <datafield tag="945" ind1=" " ind2=" ">
    <subfield code="f">J</subfield>
    <subfield code="a">892.7109:Sh599srA:pt.1-4</subfield>
    <subfield code="i">00529719</subfield>
    <subfield code="j">.i13847818</subfield>
    <subfield code="l">u0503</subfield>
  </datafield>
  <datafield tag="998" ind1=" " ind2=" ">
    <subfield code="a">(2)u03</subfield>
    <subfield code="a">u05</subfield>
    <subfield code="b">01-08-31</subfield>
    <subfield code="c">m</subfield>
    <subfield code="d">a  </subfield>
    <subfield code="e">-</subfield>
    <subfield code="f">ara</subfield>
    <subfield code="g">le </subfield>
    <subfield code="h">0</subfield>
    <subfield code="i">3</subfield>
  </datafield>
</record>
</collection>
